@UNPUBLISHED{bodyfelt_unpub,
title = {Scaling Theory of Heat Transport in Quasi-1D Disordered Harmonic Chains},
author = {Joshua D. Bodyfelt, Mei C. Zheng, Ragnar Fleischmann and Tsampikos Kottos},
note = "Submitted"
}
