@Article{Stotland:2010:PRB,
  title = {Random-matrix modeling of semilinear response, the generalized variable-range hopping picture, and the conductance of mesoscopic rings},
  author = {Stotland, Alexander  and Kottos, Tsampikos  and Cohen, Doron },
  journal = {Phys. Rev. B},
  volume = {81},
  number = {11},
  pages = {115464},
  numpages = {15},
  year = {2010},
  month = {Mar},
  doi = {10.1103/PhysRevB.81.115464},
  publisher = {American Physical Society}
}
