%% this is supposed to allow longbibliography..
%% see : http://tex.stackexchange.com/questions/15677/revtex-4-1-bibliography-style-in-other-classes
@CONTROL{REVTEX41Control}
@CONTROL{apsrev41Control,title="1"}

